@book{titchmarsh,
  author = {Edward Charles Titchmarsh},
  title  = {Introduction to the Theory of Fourier Integrals},
  year   = {1937},
  note   = {Kompleksowy opis matematycznych podstaw transformacji Fouriera oraz jej zastosowań teoretycznych},
}

@book{proakis,
  author = {John G. Proakis and Dimitris G. Manolakis},
  title  = {Digital Signal Processing: Principles, Algorithms, and Applications},
  year   = {1996},
  note   = {Analiza sygnałów cyfrowych, w tym praktyczne zastosowania transformacji Fouriera},
}

@book{oppenheim,
  author = {Alan V. Oppenheim and Ronald W. Schafer and John R. Buck},
  title  = {Discrete-time Signal Processing},
  year   = {1989},
  note   = {Obszerna książka o przetwarzaniu sygnałów cyfrowych. Zawiera opis transformacji Fouriera oraz algorytmów FFT},
}

@article{cooley,
  author  = {James W. Cooley and John W. Tukey},
  journal = {Mathematics of Computation},
  number  = {90},
  title   = {An Algorithm for the Machine Calculation of Complex Fourier Series},
  volume  = {19},
  year    = {1965},
  note    = {Artykuł twórców algorytmu szybkiej transformaty Fouriera},
}

@online{3b1b,
  author  = {Grant Sanderson},
  title   = {But what is the Fourier Transform? A visual introduction.},
  year    = {2018},
  url     = {https://youtu.be/spUNpyF58BY},
  note    = {Wideo z serii 3Blue1Brown, w którym autor przedstawia intuicyjne wytłumaczenie transformacji Fouriera},
  urldate = {2023-11-06},
}
